@inproceedings{sonuma,
    address = {New York, NY, USA},
    series = {{ASPLOS} '14},
    title = {Scale-out {NUMA}},
    isbn = {978-1-4503-2305-5},
    doi = {10.1145/2541940.2541965},
    booktitle = {Proceedings of the 19th {International} {Conference} on {Architectural} {Support} for {Programming} {Languages} and {Operating} {Systems}},
    publisher = {ACM},
    author = {Novakovic, Stanko and Daglis, Alexandros and Bugnion, Edouard and Falsafi, Babak and Grot, Boris},
    year = {2014},
    pages = {3--18}
}
